@INPROCEEDINGS{eviltwin,
  author={Gonzales, Harold and Bauer, Kevin and Lindqvist, Janne and McCoy, Damon and Sicker, Douglas},
  booktitle={2010 IEEE Global Telecommunications Conference GLOBECOM 2010},
  title={Practical Defenses for Evil Twin Attacks in 802.11},
  year={2010},
  volume={},
  number={},
  pages={1-6},
  keywords={Context;Wireless networks;Public key;Protocols;Communication system security;Authentication},
  doi={10.1109/GLOCOM.2010.5684213}}

@article{wifipineapple,
  title={Creating Labs for Ethical Hacking Course Based on WiFi Pineapple and USB Rubber Ducky},
  author={Thaqi, Gent},
  year={2024}
}

@article{mitm,
  title={Man-in-the-middle-attack: Understanding in simple words},
  author={Mallik, Avijit},
  journal={Cyberspace: Jurnal Pendidikan Teknologi Informasi},
  volume={2},
  number={2},
  pages={109--134},
  year={2019}
}

@inproceedings{dns,
  title={The state of the art in DNS spoofing},
  author={Steinhoff, U and Wiesmaier, A and Ara{\'u}jo, R},
  booktitle={Proc. 4th Intl. Conf. Applied Cryptography and Network Security (ACNS)},
  year={2006},
  organization={Citeseer}
}

@article{sniffing,
  title={Network sniffing and its consequences: a comprehensive survey},
  author={El-Taj, Homam and Miralam, Lamar},
  journal={International Journal of Computer Science and Information Security (IJCSIS)},
  volume={22},
  number={3},
  year={2024}
}
